<record><leader>00000cas a22000007a 4500</leader><controlfield tag="001">21768353</controlfield><controlfield tag="008">900611d19061945mouwr ne      0    0eng d</controlfield><datafield ind1=" " ind2=" " tag="010"><subfield code="a">sn 90061946 </subfield></datafield><datafield ind1=" " ind2=" " tag="040"><subfield code="a">MQN</subfield><subfield code="b">eng</subfield><subfield code="c">MQN</subfield><subfield code="d">OCLCQ</subfield></datafield><datafield ind1=" " ind2=" " tag="042"><subfield code="a">msc</subfield></datafield><datafield ind1="0" ind2=" " tag="130"><subfield code="a">West Plains journal (West Plains, Mo. : 1906)</subfield></datafield><datafield ind1="1" ind2="4" tag="245"><subfield code="a">The West Plains journal.</subfield></datafield><datafield ind1=" " ind2=" " tag="260"><subfield code="a">West Plains, Mo. :</subfield><subfield code="b">West Plains Journal Co.,</subfield><subfield code="c">-1945.</subfield></datafield><datafield ind1=" " ind2=" " tag="300"><subfield code="a">v.</subfield></datafield><datafield ind1=" " ind2=" " tag="310"><subfield code="a">Weekly</subfield></datafield><datafield ind1="1" ind2=" " tag="362"><subfield code="a">Began in 1906.</subfield></datafield><datafield ind1="0" ind2=" " tag="362"><subfield code="a">-v. 75, no. 40 (June 21, 1945).</subfield></datafield><datafield ind1=" " ind2=" " tag="588"><subfield code="a">Description based on: Vol. 37, no. 13 (Dec. 13, 1906).</subfield></datafield><datafield ind1=" " ind2=" " tag="752"><subfield code="a">United States</subfield><subfield code="b">Missouri</subfield><subfield code="c">Howell</subfield><subfield code="d">West Plains.</subfield></datafield><datafield ind1="0" ind2="0" tag="780"><subfield code="t">West Plains weekly journal</subfield><subfield code="w">(DLC)sn 90061947</subfield></datafield><datafield ind1="0" ind2="5" tag="780"><subfield code="t">Howell County news</subfield><subfield code="w">(DLC)sn 90061913</subfield></datafield><datafield ind1="0" ind2="7" tag="785"><subfield code="t">Howell County gazette (West Plains, Mo. : 1881)</subfield><subfield code="w">(DLC)sn 90061921</subfield></datafield><datafield ind1="0" ind2="7" tag="785"><subfield code="t">Journal-gazette (West Plains, Mo. : 1945)</subfield><subfield code="w">(DLC)sn 90061922</subfield></datafield></record>